<?xml version="1.0" encoding="UTF-8"?><collection xmlns="http://www.loc.gov/MARC21/slim"><record><leader>00423nam--2200157-i-4500</leader><controlfield tag="001">000014050</controlfield><controlfield tag="002">20161230</controlfield><controlfield tag="005">20170122002456</controlfield><controlfield tag="008">060222s1000------------r-----000-0-eng-d</controlfield><datafield ind1=" " ind2=" " tag="080"><subfield code="a">512.81(043)</subfield></datafield><datafield ind1=" " ind2=" " tag="100"><subfield code="a">Champetter, M. Caliste</subfield></datafield><datafield ind1=" " ind2=" " tag="245"><subfield code="a">Sur les representations des groupes de deplace ments de cartan</subfield><subfield code="b">these</subfield></datafield><datafield ind1=" " ind2=" " tag="260"><subfield code="a">Orsay</subfield><subfield code="b">Universite</subfield><subfield code="c">1980</subfield></datafield><datafield ind1=" " ind2=" " tag="300"><subfield code="a">31 p</subfield></datafield><datafield ind1=" " ind2=" " tag="852"><subfield code="a">49707</subfield></datafield><datafield ind1=" " ind2=" " tag="CAT"><subfield code="a">SYS</subfield><subfield code="c">20170122</subfield><subfield code="h">002456</subfield></datafield></record></collection>